@misc{sparkfunMPU9250,
      author = {sparkfun},
      title = {MPU-9250 9 DOF IMU Arduino Library},
      year = 2019,
      howpublished = {\url{https://github.com/sparkfun/SparkFun_MPU-9250_Breakout_Arduino_Library}},
      note = {Accessed: 13/03/2019},
      }

@misc{kriswiner,
      author = {Kris Winer},
      title = {MPU-9250},
      year = 2019,
      howpublished = {\url{}https://github.com/kriswiner/MPU9250},
      note = {Accessed: 13/03/2019},
      }
@misc{MPU9250,
      author = {invensense},
      title = {MPU-9250 Product Specification Revision 1.1},
      year = 2016,
      howpublished = {\url{https://www.invensense.com/wp-content/uploads/2015/02/PS-MPU-9250A-01-v1.1.pdf}},
      note = {Accessed: 16/04/2019},
      }