@misc{mpu,
	organization = {Adafruit},
	title = {MPU-9250 Product Specification Revision 1.0},
	howpublished = {\url{https://cdn.sparkfun.com/assets/learn_tutorials/5/5/0/MPU9250REV1.0.pdf}},
	note = {Accessed 2019/04/11},
	year = 2014,
	month = 1,
	day = 17,
	}
	
@misc{bno,
	organization = {Bosch},
	title = {Intelligent 9-axis absolute orientation sensor},
	howpublished = {\url{https://cdn-shop.adafruit.com/datasheets/BST_BNO055_DS000_12.pdf}},
	note = {Accessed 2019/04/11},
	year = 2014,
	month = 10,
	}
	
@misc{nxp1,
	organization = {NXP},
	title = {6-axis sensor with integrated linear accelerometer and magnetometer},
	howpublished = {\url{https://cdn-learn.adafruit.com/assets/assets/000/043/458/original/FXOS8700CQ.pdf?1499125614}},
	note = {Accessed 2019/04/11},
	year = 2017,
	month = 4,
	day = 25,
	}
@misc{nxp2,
	organization = {NXP},
	title = {3-Axis Digital Angular Rate Gyroscope},
	howpublished = {\url{https://cdn-learn.adafruit.com/assets/assets/000/040/671/original/FXAS21002.pdf?1491475056}},
	note = {Accessed 2019/04/11},
	year = 2015,
	month = 5,
	}
@misc{roten,
    organization = {Bourns},
    title = {Rotary Optical Encoder},
    howpublished = {\url{http://www.farnell.com/datasheets/2242079.pdf?_ga=2.163661887.1603896702.1557143597-1924591732.1557143597}},
    note = {Accessed 2019/05/06},
    year = 2011,
    month = 6,
    }