
   
@misc{roswiki,
	organization = {Open Source Robotics Foundation},
	title = {ROS Wiki},
	howpublished = {\url{http://wiki.ros.org/}},
	note = {Accessed 2019/01/28},
	}

