@misc{cppstyle,
		organization = {Google},
		title = {Google C++ Style Guide},
		howpublished = {\url{https://google.github.io/styleguide/cppguide.html}},
		note  = {Accessed 2019/02/04},
		}
@misc{stentorwilly,
		author = {Joep Boerboom},
		howpublished = {\url{https://www.destentor.nl/zwolle/studenten-windesheim-maken-pratende-schoonmaakrobot~aa713925/}},
		month = {May},
		year = {2018},
		publisher = {De Stentor},
		note = {Accessed 2019/02/11},
		}
