@misc{dualshock,
	organization = {Wikipedia},
	title = {DualShock},
	howpublished = {\url{https://nl.wikipedia.org/wiki/DualShock}},
	note = {Accessed 2019/07/02},
	year = 2018,
	month = 6,
	day = 1,
	}
@misc{openloop,
	organization = {Electronics-Tutorials},
	title = {Open-loop system},
	howpublished = {\url{https://www.electronics-tutorials.ws/systems/open-loop-system.html}},
	note = {Accessed 2019/02/11},
	}
	
@misc{ardMega,
	organization = {mantech.co.za},
	title = {Arduino MEGA 2560},
	howpublished = {\url{http://www.mantech.co.za/datasheets/products/a000047.pdf}},
	note = {Accessed 2019/02/11},
	}
@misc{ardUno,
	organization = {Atmel},
	title = {ATmega328/p},
	howpublished = {\url{https://components101.com/sites/default/files/component_datasheet/ATMega328P%20Datasheet.pdf}},
	note = {Accessed 2019/02/11},
	}
	
@misc{roomba,
    organization = {Wikipedia},
    title = {Roomba},
    howpublished = {\url{https://en.wikipedia.org/wiki/Roomba}},
    note = {Accessed 2019/02/25},
    }